%% LaTeX2e file `v1-thesis-bibtex-entries.bib'
%% generated by the `bibtex-entries' environment
%% from source `v1-thesis' on 2021/07/26.
%%

%INPROCEEDINGS

@inproceedings{AgriIoT,
    author      = {Andreas Kamilaris and Feng Gao and Francesc X. Prenafeta-Boldu\'{u} and Muhammad Intizar Ali},
    title       = {Agri-IoT: A Semantic Framework for Internet of Things-enabled Smart Farming Applications},
    booktitle   = {2016 IEEE 3rd World Forum on Internet of Things (WF-IoT)},
    year        = {2016},
    month       = {12},
    pages       = {442-447},
    url         = {https://doi.org/10.1109/WF-IoT.2016.7845467},
    publisher   = {IEEE},
    location    = {Reston, VA, USA},
}

@inproceedings{HM3P,
    author      = {Sven Groppe and Jinghua Groppe},
    title       = {Hybrid Multi-Model Multi-Platform (HM3P) Databases},
    booktitle   = {9th International Conference on Data Science, Technology and Applications ({DATA})},
    year        = {2020},
    month       = {7},
    pages       = {177-184},
    url         = {https://doi.org/10.5220/0009802401770184},
    publisher   = {SciTePress},
    location    = {Online Streaming},
}

@inproceedings{CityBench,
    author      = {Muhammad Intizar Ali and Feng Gao and Alessandra Mileo},
    title       = {CityBench: A Configurable Benchmark to Evaluate RSP Engines Using Smart City Datasets},
    booktitle   = {The Semantic Web - ISWC 2015},
    year        = {2015},
    month       = {10},
    pages       = {374-389},
    url         = {https://doi.org/10.1007/978-3-319-25010-6_25},
    publisher   = {Springer},
    location    = {Bethlehem, PA, USA},
}

@inproceedings{FogComp,
    author      = {Bonomi, Flavio and Milito, Rodolfo and Zhu, Jiang and Addepalli, Sateesh},
    title       = {Fog Computing and Its Role in the Internet of Things},
    booktitle   = {Proceedings of the First Edition of the MCC Workshop on Mobile Cloud Computing},
    year        = {2012},
    month       = {8},
    pages       = {13-16},
    url         = {https://doi.org/10.1145/2342509.2342513},
    publisher   = {Association for Computing Machinery},
    location    = {Helsinki, Finland},
}

@inproceedings{FogAndCloud,
    author      = {M. {Yannuzzi} and R. {Milito} and R. {Serral-Gracià} and D. {Montero} and M. {Nemirovsky}},
    booktitle   = {19th International Workshop on Computer Aided Modeling and Design of Communication Links and Networks (CAMAD)},
    title       = {Key ingredients in an IoT recipe: Fog Computing, Cloud computing, and more Fog Computing},
    year        = {2014},
    month       = {12},
    pages       = {325-329},
    url         = {https://doi.org/10.1109/CAMAD.2014.7033259},
    publisher   = {IEEE},
    location    = {Athens, Greece},
}

@inproceedings{BuildValidModels,
    author      = {A. M. {Law}},
    booktitle   = {2008 Winter Simulation Conference (WSC)},
    title       = {How to build valid and credible simulation models},
    year        = {2008},
    month       = {12},
    pages       = {39-47},
    url         = {https://doi.org/10.1109/WSC.2008.4736054},
    publisher   = {IEEE},
    location    = {Miami, FL, USA},
}

@inproceedings{DiscreteEventSim,
    author      = {T. J. {Schriber} and D. T. {Brunner} and J. S. {Smith}},
    booktitle   = {2016 Winter Simulation Conference (WSC)},
    title       = {Inside discrete-event simulation software: How it works and why it matters},
    year        = {2016},
    month       = {12},
    pages       = {221-235},
    url         = {https://doi.org/10.1109/WSC.2016.7822091},
    publisher   = {IEEE},
    location    = {Washington, DC, USA},
}

@inproceedings{SimAccuracy,
    author      = {A. {Buss} and A. {Al Rowaei}},
    booktitle   = {2010 Winter Simulation Conference (WSC)},
    title       = {A comparison of the accuracy of discrete event and discrete time},
    year        = {2010},
    month       = {12},
    pages       = {1468-1477},
    url         = {https://doi.org/10.1109/WSC.2010.5679045},
    publisher   = {IEEE},
    location    = {Baltimore, MD, USA},
}

@inproceedings{smallWaist,
    author      = {Akhshabi, Saamer and Dovrolis, Constantine},
    booktitle   = {Proceedings of the ACM SIGCOMM 2011 Conference},
    title       = {The Evolution of Layered Protocol Stacks Leads to an Hourglass-Shaped Architecture},
    year        = {2011},
    month       = {8},
    pages       = {206-217},
    url         = {https://doi.org/10.1145/2018436.2018460},
    publisher   = {Association for Computing Machinery},
    location    = {Toronto, Ontario, Canada},
}

@INPROCEEDINGS{DemystifyingFog,
  author        = {P. {Varshney} and Y. {Simmhan}},
  booktitle     = {IEEE 1st International Conference on Fog and Edge Computing (ICFEC)},
  title         = {Demystifying Fog Computing: Characterizing Architectures, Applications and Abstractions},
  year          = {2017},
  month         = {5},
  pages         = {115-124},
  url           = {https://doi.org/10.1109/ICFEC.2017.20},
  publisher     = {IEEE},
  location      = {Madrid, Spain},
}

@INPROCEEDINGS{RoutingIssuesSurvey,
  author        = {Amol Dhumane and Rajesh Prasad and Jayashree Prasad},
  booktitle     = {Proceedings of the International MultiConference of Engineers and Computer Scientists (IMECS)},
  title         = {Routing Issues in Internet of Things: A Survey},
  year          = {2016},
  month         = {3},
  pages         = {404-412},
  isbn          = {978-988-19253-8-1},
  publisher     = {Newswood Limited},
  location      = {Hong Kong, China},
}


@INPROCEEDINGS{Path2IoT,
    author={P. {Michalák} and P. {Watson}},
    booktitle={IEEE International Conference on Cloud Computing Technology and Science (CloudCom)},
    title={PATH2iot: A Holistic, Distributed Stream Processing System},
    year={2017},
    month = {12},
    publisher = {IEEE},
    pages={25-32},
    url={https://doi.org/10.1109/CloudCom.2017.35},
    location = {Hong Kong, China},
}

@inproceedings{ComparisonIoTPlatformArchitectures,
    author = {Guth, Jasmin and Breitenb{\"u}cher, Uwe and Falkenthal, Michael
    and Leymann, Frank and Reinfurt, Lukas},
    title = {Comparison of IoT Platform Architectures: A Field Study based on
    a Reference Architecture},
    booktitle = {2016 Cloudification of the Internet of Things (CIoT)},
    year = {2016},
    month = {11},
    pages = {1-6},
    url = {https://doi.org/10.1109/CIOT.2016.7872918},
    publisher = {IEEE},
    location = {Paris, France},
}

@inproceedings{Warnke21Flexible,
  author    = {Benjamin Warnke and Muhammad Waqas Rehan and Stefan Fischer and Sven Groppe},
  title     = {Flexible data partitioning schemes for parallel merge joins in semantic web queries},
  booktitle = {Datenbanksysteme f{\"u}r Business, Technologie und Web (BTW 2021)},
  series    = {Lecture Notes in Informatics (LNI)},
  volume    = {{P-311}},
  pages     = {237-256},
  publisher = {Gesellschaft f{\"u}r Informatik, Bonn},
  year      = {2021},
  url       = {https://doi.org/10.18420/btw2021-12},
  location =  {Dresden, Germany}
}

@inproceedings{Cougar,
  author    = {Philippe Bonnet and Johannes Gehrke and Praveen Seshadri},
  title     = {Towards Sensor Database Systems},
  booktitle = {International Conference on Mobile Data Management (MDM 2001)},
  series    = {Lecture Notes in Computer Science (LNCS)},
  volume    = {1987},
  pages     = {3-14},
  publisher = {Springer},
  year      = {2001},
  url       = {https://doi.org/10.1007/3-540-44498-X_1},
  location =  {Hong Kong, China}
}


@INPROCEEDINGS{WoT,
    author  = {Szilagyi, Ioan and Wira, Patrice},
    booktitle = {IECON 2016 - 42nd Annual Conference of the IEEE Industrial Electronics Society},
    title = {Ontologies and Semantic Web for the Internet of Things - a survey},
    year={2016},
    volume={},
    number={},
    pages={6949-6954},
    publisher     = {IEEE},
    month = {10},
    url = {https://doi.org/10.1109/IECON.2016.7793744},
    location =  {Florence, Italy},
}

@INPROCEEDINGS{RPLEndToEndEstimation,
    author =    {P. Pinto and A. Pinto and M. Ricardo},
    booktitle = {2013 IFIP Wireless Days (WD)},
    title =     {End-to-end delay estimation using RPL metrics in WSN},
    year =      {2013},
    month =     {11},
    volume={},
    number={},
    publisher     = {IEEE},
    pages =     {1-6},
    url =       {https://doi.org/10.1109/WD.2013.6686524},
    location =  {Valencia, Spain},
}

@INPROCEEDINGS{simulator_cooja,
  author =      {Osterlind, Fredrik and Dunkels, Adam and Eriksson, Joakim and Finne, Niclas and Voigt, Thiemo},
  booktitle =   {Proceedings. 2006 31st IEEE Conference on Local Computer Networks},
  title =       {Cross-Level Sensor Network Simulation with COOJA},
  year =        {2006},
  month =       {11},
  volume ={},
  number ={},
  pages =       {641-648},
  publisher     = {IEEE},
  url =         {https://doi.org/10.1109/LCN.2006.322172},
  location =    {Tampa, FL, USA},
  }

@inproceedings{OMNeT,
  title=    {An overview of the OMNeT++ simulation environment},
  author=   {Varga, Andr{\'a}s and Hornig, Rudolf},
  booktitle={Proceedings of the 1st International Conference on Simulation Tools and techniques for Communications, Networks and Systems \& workshops},
  isbn =    {978-963-9799-20-2},
  year  =   {2008},
  month =       {3},
  publisher     = {ICST},
  location =    {Marseille, France},
}

@inproceedings{simulator_MyiFogSim,
    author = {Lopes, M\'{a}rcio Moraes and Higashino, Wilson A. and Capretz, Miriam A.M. and Bittencourt, Luiz Fernando},
    booktitle= {UCC '17 Companion: Companion Proceedings of the10th International Conference on Utility and Cloud Computing},
    title = {MyiFogSim: A Simulator for Virtual Machine Migration in Fog Computing},
    year = {2017},
    month = {12},
    publisher = {Association for Computing Machinery},
    url = {https://doi.org/10.1145/3147234.3148101},
    pages = {47-52},
    location = {Austin, TX, USA},
}


@INPROCEEDINGS{simulator_CloudSimPlus,
  author={Silva Filho, Manoel C. and Oliveira, Raysa L. and Monteiro, Claudio C. and In\'acio, Pedro R. M. and Freire, M\'ario M.},
  booktitle={2017 IFIP/IEEE Symposium on Integrated Network and Service Management (IM)},
  title={CloudSim Plus: A Cloud Computing Simulation
Framework Pursuing Software Engineering
Principles for Improved Modularity, Extensibility
and Correctness},
  year={2017},
  month = {5},
  pages={400-406},
  url={https://doi.org/10.23919/INM.2017.7987304},
  publisher = {IEEE},
  location = {Lisbon, Portugal},
}


@INPROCEEDINGS{simulator_recap,
  author={Byrne, James and Svorobej, Sergej and Gourinovitch, Anna and Elango, Divyaa Manimaran and Liston, Paul and Byrne, P J and Lynn, Theo},
  booktitle={2017 Winter Simulation Conference (WSC)},
  title={RECAP simulator: Simulation of cloud/edge/fog computing scenarios},
  year={2017},
  month = {12},
  pages={4568-4569},
  url={https://doi.org/10.1109/WSC.2017.8248208},
  publisher = {IEEE},
  location = {Las Vegas, NV, USA},
}

@INPROCEEDINGS{simulator_SatEdgeSim,
  author={Wei, Junyong and Cao, Suzhi and Pan, Siyan and Han, Jiarong and Yan, Lei and Zhang, Lei},
  booktitle={2020 12th International Conference on Communication Software and Networks (ICCSN)},
  title={SatEdgeSim: A Toolkit for Modeling and Simulation of Performance Evaluation in Satellite Edge Computing Environments},
  year={2020},
  month = {6},
  pages={307-313},
  url={https://doi.org/10.1109/ICCSN49894.2020.9139057},
  publisher = {IEEE},
  location = {Chongqing, China},
}

@INPROCEEDINGS{simulator_FogBed,
  author={Coutinho, Antonio and Greve, Fabiola and Prazeres, Cassio and Cardoso, Joao},
  booktitle={2018 IEEE International Conference on Communications (ICC)},
  title={Fogbed: A Rapid-Prototyping Emulation Environment for Fog Computing},
  year={2018},
  month = {5},
  pages={1-7},
  url={https://doi.org/10.1109/ICC.2018.8423003},
  publisher = {IEEE},
  location = {Kansas City, MO, USA},
}

@INPROCEEDINGS{simulator_Mininet,
  author={R.L.S. {De Oliveira} and Ailton Akira Shinoda and Christiane Marie Schweitzer and Ligia Rodrigues Prete},
  booktitle={2014 IEEE Colombian Conference on Communications and Computing (COLCOM)},
  title={Using Mininet for emulation and prototyping Software-Defined Networks},
  year={2014},
  month = {6},
  pages={1-6},
  doi={https://doi.org/10.1109/ColComCon.2014.6860404},
  publisher = {IEEE},
  location = {Bogota, Colombia},
}


%ARTICLE


@article{InternetDesign,
    author = {Clark, D.},
    title = {The Design Philosophy of the DARPA Internet Protocols},
    year = {1988},
    month = {8},
    volume = {18},
    number = {4},
    url = {https://doi.org/10.1145/52325.52336},
    journal = {ACM SIGCOMM Computer Communication Review},
    pages = {106-114},
}

@article{SimOverview,
    author  = {Sergej Svorobej and Patricia Takako Endo and Malika Bendechache and Christos Filelis-Papadopoulos and Konstantinos M. Giannoutakis and George A. Gravvanis and Dimitrios Tzovaras and James Byrne and Theo Lynn},
    title   = {Simulating Fog and Edge Computing Scenarios: An Overview and Research Challenges},
    journal = {Future Internet},
    year    = {2019},
    month   = {2},
    volume  = {11},
    number  = {3},
    url     = {https://doi.org/10.3390/fi11030055},
}

@article{AnalyzeQualities,
    author  = {Majid Ashouri and Fabian Lorig and Paul Davidsson and Romina Spalazzese},
    title   = {Edge Computing Simulators for IoT System Design: An Analysis of Qualities and Metrics},
    journal = {Future Internet},
    year    = {2019},
    month   = {11},
    volume  = {11},
    number  = {11},
    url     = {https://doi.org/10.3390/fi11110235},
}

@article{IoTSim,
    author  = {Xuezhi Zeng and Saurabh Kumar Garg and Peter Strazdins and Prem Prakash Jayaraman and Dimitrios Georgakopoulos and Rajiv Ranjan},
    title   = {IOTSim: A simulator for analysing IoT applications},
    journal = {Journal of Systems Architecture},
    year    = {2017},
    month = {1},
    pages   = {93-107},
    volume  = {72},
    number  = {},
    url     = {https://doi.org/10.1016/j.sysarc.2016.06.008},
}
%Number gibts nicht bei IOTSim

@article{BigDataSim,
    author  = {Rajiv Ranjan},
    title   = {Modeling and Simulation in Performance Optimization of Big Data Processing Frameworks},
    journal = {IEEE Cloud Computing},
    year    = {2014},
    month = {11},
    pages   = {14-19},
    volume  = {1},
    number  = {4},
    url     = {https://doi.org/10.1109/MCC.2014.84},
}

@article{SimChallenges,
    author  = {Gabor Kecskemeti and Giuliano Casale and Devki Nandan Jha and Justin Lyon and Rajiv Ranjan},
    title   = {Modelling and Simulation Challenges in Internet of Things},
    journal = {IEEE Cloud Computing},
    year    = {2017},
    month = {3},
    pages   = {62-69},
    volume  = {4},
    number  = {1},
    url     = {https://doi.org/10.1109/MCC.2017.18},
}

@article{SemanticModels,
    author  = {Richard Mietz and Sven Groppe and Kay Römer and Dennis Pfisterer},
    title   = {Semantic Models for Scalable Search in the Internet of Things},
    journal = {Journal of Sensor and Actuator Networks},
    year    = {2013},
    month = {3},
    pages   = {172-195},
    volume  = {2},
    number  = {2},
    url     = {https://doi.org/10.3390/jsan2020172},
}

@article{Osmosis,
    author  = {Massimo Villari and Maria Fazio and Schahram Dustdar and Omer Rana and Devki Nandan Jha and Rajiv Ranjan},
    title   = {Osmosis: The Osmotic Computing Platform for Microelements in the Cloud, Edge, and Internet of Things},
    journal = {Computer},
    year    = {2019},
    month = {7},
    pages   = {14-26},
    volume  = {52},
    number  = {8},
    url     = {https://doi.org/10.1109/MC.2018.2888767},
}

@article{DewComp,
    author  = {Partha Pratim Ray},
    title   = {An Introduction to Dew Computing: Definition, Concept and Implications},
    journal = {IEEE Access},
    year    = {2017},
    month = {11},
    pages   = {723-737},
    volume  = {6},
    number  = {},
    url     = {https://doi.org/10.1109/ACCESS.2017.2775042},
}

    @Article{DefinitionDewComp,
        title     = {Definition and Categorization of Dew Computing},
        author    = {Yingwei Wang},
        journal   = {Open Journal of Cloud Computing (OJCC)},
        year      = {2016},
        volume    = {3},
        number    = {1},
        pages     = {1-7},
        url       = {http://nbn-resolving.de/urn:nbn:de:101:1-201705194546},
    }

@article{Farming,
    author  = {K. {Taylor} and C. {Griffith} and L. {Lefort} and R. {Gaire} and M. {Compton} and T. {Wark} and D. {Lamb} and G. {Falzon} and M. {Trotter}},
    journal = {IEEE Intelligent Systems},
    title   = {Farming the Web of Things},
    year    = {2013},
    month = {10},
    volume  = {28},
    number  = {6},
    pages   = {12-19},
    url     = {https://doi.org/10.1109/MIS.2013.102},
}

@article{TinyDB,
    author = {Madden, Samuel R. and Franklin, Michael J. and Hellerstein, Joseph M. and Hong, Wei},
    title = {TinyDB: An Acquisitional Query Processing System for Sensor Networks},
    year = {2005},
    month = {3},
    volume = {30},
    number = {1},
    url = {https://doi.org/10.1145/1061318.1061322},
    journal = {ACM Transactions on Database Systems},
    pages = {122-173},
}

@article{VendorLockIn,
    author = {Justice Opara-Martins and Reza Sahandi and Feng Tian},
    title = {Critical analysis of vendor lock-in and its impact on cloud computing migration: a business perspective},
    year = {2016},
    volume = {5},
    number = {4},
    url = {https://doi.org/10.1186/s13677-016-0054-z},
    journal = {Journal of Cloud Computing},
}


@article{RPLHybridMode,
    author = {Sukho Oh and DongYeop Hwang and Kangseok Kim and Ki-Hyung Kim},
    title = {A hybrid mode to enhance the downward route performance in routing protocol for low power and lossy networks},
    journal = {International Journal of Distributed Sensor Networks},
    volume = {14},
    number = {4},
    url = {https://doi.org/10.1177/1550147718772533},
    year = {2018}
}

@article{RPLApplications,
    author = {Sobral, José V. V. and Rodrigues, Joel J. P. C. and Rabêlo, Ricardo A. L. and Al-Muhtadi, Jalal and Korotaev, Valery},
    title = {Routing Protocols for Low Power and Lossy Networks in Internet of Things Applications},
    journal = {Sensors},
    volume = {19},
    number = {9},
    url = {https://doi.org/10.3390/s19092144},
    year = {2019}
}

@article{RPLMultiparent,
    author = {Iova, Oana and Theoleyre, Fabrice and Noël, Thomas},
    year = {2015},
    month = {02},
    pages = {},
    title = {Using Multiparent Routing in RPL to Increase the Stability and the Lifetime of the Network},
    volume = {29},
    journal = {Ad Hoc Networks},
    url = {https://doi.org/10.1016/j.adhoc.2015.01.020},
}

@article{WSNDatabases,
    author = {Abderrahmen Belfkih and Claude Duvallet and Bruno Sadeg},
    year = {2019},
    month = {11},
    pages = {4921-4946},
    title = {A survey on wireless sensor network databases},
    volume = {25},
    journal = {Wireless Networks},
    url = {https://doi.org/10.1007/s11276-019-02070-y},
}

@article{SNQP,
    title = {In-network wireless sensor network query processors: State of the art, challenges and future directions},
    journal = {Information Fusion},
    volume = {25},
    pages = {1-15},
    year = {2015},
    url = {https://doi.org/10.1016/j.inffus.2015.01.007},
    author = {Farhana Jabeen and Sarfraz Nawaz},
}

@article{DistributedDBS,
    author = {Bonifati, Angela and Chrysanthis, Panos K. and Ouksel, Aris M. and Sattler, Kai-Uwe},
    title = {Distributed Databases and Peer-to-Peer Databases: Past and Present},
    year = {2008},
    volume = {37},
    number = {1},
    url = {https://doi.org/10.1145/1374780.1374781},
    journal = {ACM SIGMOD Record},
    month = {3},
    pages = {5-11},
}

@article{TinyTurrent,
    title = {Decentralised Peer-to-Peer data dissemination in Wireless Sensor Networks},
    journal = {Pervasive and Mobile Computing},
    volume = {40},
    pages = {242-266},
    year = {2017},
    month = {9},
    url = {https://doi.org/10.1016/j.pmcj.2017.07.006},
    author = {Ricardo Simon Carbajo and Ciar\`{a}n Mc Goldrick},
}

@article{StreamDBSSurvey,
    title = {Distributed data stream processing and edge computing: A survey on resource elasticity and future directions},
    journal = {Journal of Network and Computer Applications},
    volume = {103},
    pages = {1-17},
    year = {2018},
    url = {https://doi.org/10.1016/j.jnca.2017.12.001},
    author = {Marcos {Dias de Assun\c{c}\H{a}o} and Alexandre {da Silva Veith} and Rajkumar Buyya},
}

@article{SWPaper,
    urldate =  {2021-06-04},
    URL = {http://www.jstor.org/stable/26059207},
    author = {Tim Berners-Lee and James Hendler and Ora Lassila},
    journal = {Scientific American},
    number = {5},
    pages = {34-43},
    title = {The Semantic Web},
    volume = {284},
    year = {2001}
}

@article{MIPS,
    author = {Jongwon Lee and Jaejun Ko and Young-June Choi},
    title ={Dhrystone million instructions per second-based task offloading from smartwatch to smartphone},
    journal = {International Journal of Distributed Sensor Networks},
    volume = {13},
    number = {11},
    year = {2017},
    url = {https://doi.org/10.1177/1550147717740073},
}

@ARTICLE{FogNetSim,
  author={Qayyum, Tariq and Malik, Asad Waqar and Khan Khattak, Muazzam A. and Khalid, Osman and Khan, Samee U.},
  journal={IEEE Access},
  title={FogNetSim++: A Toolkit for Modeling and Simulation of Distributed Fog Environment},
  year={2018},
  volume={6},
  number={},
  pages={63570-63583},
  url={https://doi.org/10.1109/ACCESS.2018.2877696},
  }


@article{IoTSimEdge,
    author = {Jha, Devki Nandan and Alwasel, Khaled and Alshoshan, Areeb and Huang, Xianghua and Naha, Ranesh Kumar and Battula, Sudheer Kumar and Garg, Saurabh and Puthal, Deepak and James, Philip and Zomaya, Albert and Dustdar, Schahram and Ranjan, Rajiv},
    title = {IoTSim-Edge: A simulation framework for modeling the behavior of Internet of Things and edge computing environments},
    journal = {Software: Practice and Experience},
    volume = {50},
    number = {6},
    pages = {844-867},
    url = {https://doi.org/10.1002/spe.2787},
    year = {2020}
}


@article{simulator_CloudSim,
    author = {Calheiros, Rodrigo N. and Ranjan, Rajiv and Beloglazov, Anton and De Rose, C\'{e}sar A. F. and Buyya, Rajkumar},
    title = {CloudSim: a toolkit for modeling and simulation of cloud computing environments and evaluation of resource provisioning algorithms},
    journal = {Software: Practice and Experience},
    volume = {41},
    number = {1},
    pages = {23-50},
    url = {https://doi.org/10.1002/spe.995},
    year = {2011}
}

@article{simulator_EdgeCloudSim,
    author = {Sonmez, Cagatay and Ozgovde, Atay and Ersoy, Cem},
    title = {EdgeCloudSim: An environment for performance evaluation of edge computing systems},
    journal = {Transactions on Emerging Telecommunications Technologies},
    volume = {29},
    number = {11},
    url = {https://doi.org/10.1002/ett.3493},
    year = {2018}
}

@article{simulator_osmosis,
    title = {IoTSim-Osmosis: A framework for modeling and simulating IoT applications over an edge-cloud continuum},
    journal = {Journal of Systems Architecture},
    volume = {116},
    pages = {101956},
    year = {2021},
    issn = {1383-7621},
    url = {https://doi.org/10.1016/j.sysarc.2020.101956},
    author = {Khaled Alwasel and Devki Nandan Jha and Fawzy Habeeb and Umit Demirbaga and Omer Rana and Thar Baker and Scharam Dustdar and Massimo Villari and Philip James and Ellis Solaiman and Rajiv Ranjan},
}


@article{simulator_iFogSim,
    author = {Gupta, Harshit and Vahid Dastjerdi, Amir and Ghosh, Soumya K. and Buyya, Rajkumar},
    title = {iFogSim: A toolkit for modeling and simulation of resource management techniques in the Internet of Things, Edge and Fog computing environments},
    journal = {Software: Practice and Experience},
    volume = {47},
    number = {9},
    pages = {1275-1296},
    url = {https://doi.org/10.1002/spe.2509},
    year = {2017}
}

@article{simulator_PureEdgeSim,
    author = {Mechalikh Charafeddine and Taktak Hajer and Moussa Faouzi},
    title = {PureEdgeSim: A simulation framework for performance evaluation of cloud, edge and mist computing environments},
    journal = {Computer Science and Information Systems},
    volume = {18},
    number = {1},
    pages = {43-66},
    url = {https://doi.org/10.2298/CSIS200301042M},
    year = {2021}
}

@ARTICLE{simulator_YAFS,
  author={Lera, Isaac and Guerrero, Carlos and Juiz, Carlos},
  journal={IEEE Access},
  title={YAFS: A Simulator for IoT Scenarios in Fog Computing},
  year={2019},
  volume={7},
  number={},
  pages={91745-91758},
  url={https://doi.org/10.1109/ACCESS.2019.2927895},
}

@article{routingSurvey,
 author = {Hanumat Prasad Alahari and Suresh Babu Yalavarthi},
 title = {A Survey on Network Routing Protocols in Internet of Things (IOT)},
 journal = {International Journal of Computer Applications},
 volume = {160},
 number = {2},
 month = {2},
 year = {2017},
 pages = {18-22},
 url = {https://doi.org/10.5120/ijca2017912973},
}

    @Article{parkingJson,
        title     = {ParkingJSON: An Open Standard Format for Parking Data in Smart Cities},
        author    = {Gowri Sankar Ramachandran and
                     Jeremy Stout and
                     Joyce J. Edson and
                     Bhaskar Krishnamachari},
        journal   = {Open Journal of Internet Of Things (OJIOT)},
        issn      = {2364-7108},
        year      = {2020},
        volume    = {6},
        number    = {1},
        pages     = {105--118},
        url       = {http://nbn-resolving.de/urn:nbn:de:101:1-2020080219342154738409},
        urldate =      {2021-07-26},
        publisher = {RonPub},
    }


@incollection{BENSKY,
    title = {Chapter 12 - Wireless personal area networks},
    editor = {Alan Bensky},
    booktitle = {Short-range Wireless Communication (Third Edition)},
    publisher = {Newnes},
    edition = {Third Edition},
    pages = {317-360},
    year = {2019},
    isbn = {978-0-12-815405-2},
    url = {https://doi.org/10.1016/B978-0-12-815405-2.00012-9},
    author = {Alan Bensky},
}


% TECHREPORT

@TechReport{FogCompConc,
  author =       {Michaela Iorga and Larry Feldman and Robert Barton and Michael J. Martin and Nedim Goren and Charif Mahmoudi},
  title =        {Fog Computing Conceptual Model},
  institution =  {National Institute of Standards and Technology, The University of Melbourne},
  year =         {2018},
  month =        {3},
  url =          {https://doi.org/10.6028/NIST.SP.500-325},
  number =       {500-325},
  address =      {Gaithersburg, MD, USA},
}

@TechReport{IoTEvolution,
  author =       {Dave Evans},
  title =        {The Internet of Things: How the Next Evolution of the Internet Is Changing Everything},
  institution =  {Cisco IBSG},
  year =         {2011},
  month =        {4},
  url =          {https://www.cisco.com/c/dam/en_us/about/ac79/docs/innov/IoT_IBSG_0411FINAL.pdf},
  urldate =      {2021-03-10},
  type =         {White Paper},
}

@TechReport{RPLWhitepaper,
  author =       {JP Vasseur and Navneet Agarwal and Jonathan Hui and Zach Shelby and Paul Bertrand and Cedric Chauvenet},
  title =        {RPL: The IP routing protocol designed for low power and lossy networks},
  institution =  {Internet Protocol for Smart Objects (IPSO) Alliance},
  year =         {2011},
  month =        {4},
  url =          {http://www.cse.chalmers.se/edu/year/2016/course/DAT285B/PAPERS/rpl.pdf},
  urldate =      {2021-04-19},
  type =         {White Paper},
}

@techreport{rfc7228,
  author        = {C. Bormann and M. Ersue and A. Keranen},
  title         = {Terminology for Constrained-Node Networks},
  howpublished  = {Internet Requests for Comments},
  type          = {RFC},
  number        = {7228},
  year          = {2014},
  month         = {5},
  publisher     = {RFC Editor},
  institution   = {RFC Editor},
  url           = {https://tools.ietf.org/html/rfc7228},
}

@techreport{rfc4944,
  author        = {G. Montenegro and N. Kushalnagar and J. Hui and D. Culler},
  title         = {Transmission of IPv6 Packets over IEEE 802.15.4 Networks},
  howpublished  = {Internet Requests for Comments},
  type          = {RFC},
  number        = {4944},
  year          = {2007},
  month         = {10},
  publisher     = {RFC Editor},
  institution   = {RFC Editor},
  url           = {https://tools.ietf.org/html/rfc4944},
}

@techreport{rfc6550,
  author        = {T. Winter and P. Thubert and A. Brandt and J. Hui and R. Kelsey and P. Levis and K. Pister and R. Struik and JP. Vasseur and R. Alexander},
  title         = {RPL: IPv6 Routing Protocol for Low-Power and Lossy Networks},
  howpublished  = {Internet Requests for Comments},
  type          = {RFC},
  number        = {6550},
  year          = {2012},
  month         = {3},
  publisher     = {RFC Editor},
  institution   = {RFC Editor},
  url           = {https://tools.ietf.org/html/rfc6550},
}

@techreport{rfc6552,
  author        = {P. Thubert},
  title         = {Objective Function Zero for the Routing Protocol for Low-Power and Lossy Networks (RPL)},
  howpublished  = {Internet Requests for Comments},
  type          = {RFC},
  number        = {6552},
  year          = {2012},
  month         = {3},
  publisher     = {RFC Editor},
  institution   = {RFC Editor},
  url           = {https://tools.ietf.org/html/rfc6552},
}

@techreport{rfc7102,
  author        = {JP. Vasseur},
  title         = {Terms Used in Routing for Low-Power and Lossy Networks},
  howpublished  = {Internet Requests for Comments},
  type          = {RFC},
  number        = {7102},
  year          = {2014},
  month         = {1},
  publisher     = {RFC Editor},
  institution   = {RFC Editor},
  url           = {https://tools.ietf.org/html/rfc7102},
}

@techreport{rfc7252,
  author        = {Z. Shelby and K. Hartke and C. Bormann},
  title         = {The Constrained Application Protocol (CoAP)},
  howpublished  = {Internet Requests for Comments},
  type          = {RFC},
  number        = {7252},
  year          = {2014},
  month         = {6},
  publisher     = {RFC Editor},
  institution   = {RFC Editor},
  url           = {https://tools.ietf.org/html/rfc7252},
}

@techreport{SNasDB,
  author        = {Ramesh Govindan and Joseph M. Hellerstein and Wei Hong and Samuel Madden and Michael Franklin and Scott Shenker},
  title         = {The Sensor Network as a Database},
  number        = {02-771},
  year          = {2002},
  month         = {9},
  institution   = {Computer Science Department, University of Southern California},
}

@techreport{EuropeanCommission,
  author        = {{INFSO D.4 Networked Enterprise \& RFID INFSO G.2 Micro \& Nanosystems} and {RFID Working Group of the ETP (EPOSS)}},
  title         = {Internet of Things in 2020: Roadmap for the Future},
  year          = {2008},
  month         = {5},
  publisher     = {European Commission},
}

@techreport{StrategicRoadmap,
  author        = {Patrick Guillemin and Peter Friess},
  title         = {Internet of Things: Strategic Research Roadmap},
  year          = {2009},
  month         = {10},
  publisher     = {European Commission},
}

%BOOKS

@book{Weisberg,
    author    = {Michael Weisberg},
    title     = {Simulation and Similarity: Using Models to Understand the World},
    publisher = {Oxford University Press},
    year      = {2012},
    edition   = {Reprint},
    isbn      = {978-0190265120},
}

@book{BasisTest,
    author    = {Andreas Spillner and Tilo Linz and Hans Schaefer},
    title     = {Software Testing Foundations: A Study Guide for the Certified Tester Exam},
    publisher = {Rocky Nook},
    year      = {2014},
    edition   = {4},
    isbn      = {978-1937538422},
}

@book{SWBook,
    author    = {Sven Groppe},
    title     = {Data Management and Query Processing in Semantic Web Databases},
    publisher = {Springer},
    year      = {2011},
    isbn      = {978-3-642-19356-9},
}

@book{BookCisco,
    author    = {David Hanes and Gonzalo Salgueiro and Patrick Grossetete and Robert Barton and Jerome Henry},
    title     = {IoT Fundamentals: Networking Technologies, Protocols, and Use Cases for the Internet of Things },
    publisher = {Cisco Press},
    year      = {2017},
    edition   = {1},
    isbn      = {978-1-58714-456-1},
}

@book{Tanenbaum,
    author    = {Andrew S. Tanenbaum and David J. Wetherall},
    title     = {Computer Networks},
    publisher = {Pearson},
    year      = {2011},
    edition   = {5},
    isbn      = {978-0-13-255317-9},
}

@book{Schiller,
    author    = {Jochen Schiller},
    title     = {Mobile Communications},
    publisher = {Pearson},
    year      = {2003},
    edition   = {2},
    isbn      = {978-0-321-12381-7},
}

@book{Kurose,
    author    = {James F. Kurose and Keith W. Ross},
    title     = {Computer Networking: A Top Down Approach},
    publisher = {Pearson},
    year      = {2020},
    edition   = {8},
    isbn      = {9780135928523},
}

@book{Kemper,
    author    = {Alfons Kemper and Andr\`{e} Eickler},
    title     = {Datenbanksysteme: Eine Einf{\"u}hrung},
    publisher = {De Gruyter},
    year      = {2015},
    edition   = {10},
    isbn      = {978-3-11-044375-2},
}

@book{Rahm,
    author    = {Erhard Rahm},
    title     = {Mehrrechner-Datenbanksysteme: Grundlagen der verteilten und parallelen Datenbankverarbeitung},
    publisher = {Addison-Wesley},
    year      = {1994},
    edition   = {1},
    isbn      = {3-89319-702-8},
    note      = {URL: https://dbs.uni-leipzig.de/buecher/mrdbs},
}

@book{SWBookHitzler,
    author    = {Pascal Hitzler and Markus Kr{\"o}tzsch and Sebastian Rudolph and York Sure},
    title     = {Semantic Web: Grundlagen},
    publisher = {Springer},
    year      = {2008},
    edition   = {1},
    isbn      = {978-3-540-33993-9}
}



%Websites

@MISC{SimJavaTutorial,
  author       = {Costas Simatos},
  title        = {The SimJava Tutorial},
  year         = {2002},
  howpublished = {\url{http://www.dcs.ed.ac.uk/home/simjava/tutorial/}},
  note         = {(visited on 01/31/2021)}
}

@MISC{DTS,
  author       = {Cliff Zou},
  title        = {Chapter 8: Statistical Simulation, Discrete-Time Simulation},
  year         = {2013},
  howpublished = {\url{http://www.cs.ucf.edu/~czou/CDA6530-13/DiscreteTime-Simulation.pdf}},
  note         = {(visited on 01/31/2021)},
}

@MISC{TinyDBHomePage,
  author       = {Sam Madden},
  title        = {TinyDB: A Declarative Database for Sensor Networks},
  year         = {2003},
  howpublished = {\url{http://telegraph.cs.berkeley.edu/tinydb/history.htm}},
  note         = {(visited on 05/18/2021)},
}

@MISC{simulator_ns3,
  author       = {{ns-3 Consortium}},
  title        = {ns-3: Network Simulator},
  year         = {2021},
  howpublished = {\url{https://www.nsnam.org/}},
  note         = {(visited on 06/20/2021)},
}


@MISC{UML_Spec,
  author        = {{Object Management Group (OMG)}},
  title         = {Unified Modeling Language 2.5},
  howpublished =  {\url{https://www.omg.org/spec/UML/2.5/PDF}},
  year          = {2015},
  month         = {3},
  note         =  {(visited on 07/15/2021)},
}

@MISC{WorldPopulation,
  author        = {{United Nations}},
  title         = {World Population Prospects 2019},
  howpublished =  {\url{https://population.un.org/wpp/Download/Standard/Population/}},
  year          = {2019},
  note         =  {(visited on 07/19/2021)},
}


%Anderes

@unpublished{SpezModScript,
    author = {St{\"u}mpel, Annette},
    title = {Specification and Modeling, Institute for Software Engineering and Programming Languages, University of L{\"u}beck},
    note = {Unpublished university lecture notes},
    year = {2018},
}

@unpublished{AITScript,
    author = {Horst Hellbr{\"u}ck},
    title = {Advanced Internet Technologies, Institute of Telematics, University of L{\"u}beck},
    note = {Unpublished university lecture notes},
    year = {2019},
}


%THESIS

@mastersthesis{SimJavaThesis,
    author    = {Costas Simatos},
    title     = {Making SimJava Count},
    publisher = {The University of Edinburgh, School of Informatics},
    address   = {Edinburgh, Scotland, UK},
    year      = {2002},
}

@phdthesis{DissSimulation,
    author    = {Ahmed Ali Alrowaie},
    title     = {The Effect of Time-Advance Mechanism in Modeling And Simulation},
    publisher = {Naval Postgraduate School},
    address   = {Monterey, CA, USA},
    year      = {2011}
}

@phdthesis{AndreasTeubler,
    author    = {Andreas Teubler},
    title     = {Ein namenszentrischer Ansatz zur Realisierung von Diensten im Internet der Dinge},
    publisher = {University of L{\"u}beck},
    address   = {L{\"u}beck, Germany},
    year      = {2019},
    url       = {https://www.zhb.uni-luebeck.de/epubs/ediss2162.pdf},
    urldate   = {2021-05-25}
}


@Inbook{FogCloudBook,
    author="Mahmood, Zaigham
    and Ramachandran, Muthu",
    title="Fog Computing: Concepts, Principles and Related Paradigms",
    bookTitle="Fog Computing: Concepts, Frameworks and Technologies",
    year="2018",
    publisher="Springer International Publishing",
    pages="3--21",
    url="https://doi.org/10.1007/978-3-319-94890-4_1",
}


